@article{paolacci2010running,
  title={Running experiments on amazon mechanical turk},
  author={Paolacci, Gabriele and Chandler, Jesse and Ipeirotis, Panagiotis G},
  journal={Judgment and Decision making},
  volume={5},
  number={5},
  pages={411--419},
  year={2010}
}

@inproceedings{ipeirotis2010quality,
  title={Quality management on amazon mechanical turk},
  author={Ipeirotis, Panagiotis G and Provost, Foster and Wang, Jing},
  booktitle={Proceedings of the ACM SIGKDD workshop on human computation},
  pages={64--67},
  year={2010}
}

@article{lala2017detection,
  title={Detection of social signals for recognizing engagement in human-robot interaction},
  author={Lala, Divesh and Inoue, Koji and Milhorat, Pierrick and Kawahara, Tatsuya},
  journal={arXiv preprint arXiv:1709.10257},
  year={2017}
}

@article{duchowski2007eye,
  title={Eye tracking methodology},
  author={Duchowski, Andrew T},
  journal={Theory and practice},
  volume={328},
  number={614},
  pages={2--3},
  year={2007},
  publisher={Springer}
}

@inproceedings{buscher2009you,
  title={What do you see when you're surfing? Using eye tracking to predict salient regions of web pages},
  author={Buscher, Georg and Cutrell, Edward and Morris, Meredith Ringel},
  booktitle={Proceedings of the SIGCHI conference on human factors in computing systems},
  pages={21--30},
  year={2009}
}

@article{renshaw2009towards,
  title={Towards understanding engagement in games: an eye-tracking study},
  author={Renshaw, Tony and Stevens, Richard and Denton, Paul D},
  journal={On the Horizon},
  year={2009},
  publisher={Emerald Group Publishing Limited}
}

@article{richardson2004eye,
  title={Eye tracking: Characteristics and methods},
  author={Richardson, Daniel C and Spivey, Michael J},
  journal={Encyclopedia of biomaterials and biomedical engineering},
  volume={3},
  pages={1028--1042},
  year={2004},
  publisher={Informa Healthcare Publisher, New York}
}

@article{demvsar2017quantifying,
  title={Quantifying gaze and mouse interactions on spatial visual interfaces with a new movement analytics methodology},
  author={Dem{\v{s}}ar, Ur{\v{s}}ka and {\c{C}}{\"o}ltekin, Arzu},
  journal={PloS one},
  volume={12},
  number={8},
  year={2017},
  publisher={Public Library of Science}
}

@inproceedings{cooke2006mouse,
  title={Is the Mouse a" Poor Man's Eye Tracker"?},
  author={Cooke, Lynne},
  booktitle={Annual Conference-Society for Technical Communication},
  volume={53},
  pages={252},
  year={2006}
}

@inproceedings{goecks2000learning,
  title={Learning users' interests by unobtrusively observing their normal behavior},
  author={Goecks, Jeremy and Shavlik, Jude},
  booktitle={Proceedings of the 5th international conference on Intelligent user interfaces},
  pages={129--132},
  year={2000}
}

@article{liu2007detecting,
  title={Detecting mouse movement with repeated visit patterns for retrieving noticed knowledge components on web pages},
  author={Liu, Chen-Chung and Chung, Chen-Wei},
  journal={IEICE transactions on information and systems},
  volume={90},
  number={10},
  pages={1687--1696},
  year={2007},
  publisher={The Institute of Electronics, Information and Communication Engineers}
}

@inproceedings{hauger2011using,
  title={Using browser interaction data to determine page reading behavior},
  author={Hauger, David and Paramythis, Alexandros and Weibelzahl, Stephan},
  booktitle={International Conference on User Modeling, Adaptation, and Personalization},
  pages={147--158},
  year={2011},
  organization={Springer}
}

@inproceedings{navalpakkam2012mouse,
  title={Mouse tracking: measuring and predicting users' experience of web-based content},
  author={Navalpakkam, Vidhya and Churchill, Elizabeth},
  booktitle={Proceedings of the SIGCHI Conference on Human Factors in Computing Systems},
  pages={2963--2972},
  year={2012}
}

@inproceedings{huang2012user,
  title={User see, user point: gaze and cursor alignment in web search},
  author={Huang, Jeff and White, Ryen and Buscher, Georg},
  booktitle={Proceedings of the SIGCHI Conference on Human Factors in Computing Systems},
  pages={1341--1350},
  year={2012}
}

@misc{GanttProject,
  author       = {GanttProject Team},
  title        = {GanttProject - Free project scheduling and management app for Windows, OSX and Linux.},
  year         = {2020},
  month        = {April},
  day          = {22},
  url          = {https://www.ganttproject.biz/},
  urldate      = {2020-05-03}
}

@article{beck2001manifesto,
  title={Manifesto for agile software development},
  author={Beck, Kent and Beedle, Mike and Van Bennekum, Arie and Cockburn, Alistair and Cunningham, Ward and Fowler, Martin and Grenning, James and Highsmith, Jim and Hunt, Andrew and Jeffries, Ron and others},
  year={2001}
}