@article{torsney2018risk,
  title={Risk fixers and sweet spotters: A study of the different approaches to using visual sensitivity analysis in an investment scenario},
  author={Torsney-Weir, Thomas and Afroozeh, Shahrzad and Sedlmair, Michael and M{\"o}ller, Torsten},
  year={2018},
  publisher={The Eurographics Association}
}

@article{paolacci2010running,
  title={Running experiments on amazon mechanical turk},
  author={Paolacci, Gabriele and Chandler, Jesse and Ipeirotis, Panagiotis G},
  journal={Judgment and Decision making},
  volume={5},
  number={5},
  pages={411--419},
  year={2010}
}

@inproceedings{chang2017revolt,
  title={Revolt: Collaborative crowdsourcing for labeling machine learning datasets},
  author={Chang, Joseph Chee and Amershi, Saleema and Kamar, Ece},
  booktitle={Proceedings of the 2017 CHI Conference on Human Factors in Computing Systems},
  pages={2334--2346},
  year={2017}
}

@inproceedings{ipeirotis2010quality,
  title={Quality management on amazon mechanical turk},
  author={Ipeirotis, Panagiotis G and Provost, Foster and Wang, Jing},
  booktitle={Proceedings of the ACM SIGKDD workshop on human computation},
  pages={64--67},
  year={2010}
}

@article{chandler2016conducting,
  title={Conducting clinical research using crowdsourced convenience samples},
  author={Chandler, Jesse and Shapiro, Danielle},
  journal={Annual review of clinical psychology},
  volume={12},
  year={2016}
}

@inproceedings{ho2015incentivizing,
  title={Incentivizing high quality crowdwork},
  author={Ho, Chien-Ju and Slivkins, Aleksandrs and Suri, Siddharth and Vaughan, Jennifer Wortman},
  booktitle={Proceedings of the 24th International Conference on World Wide Web},
  pages={419--429},
  year={2015}
}

@article{stewart2017crowdsourcing,
  title={Crowdsourcing samples in cognitive science},
  author={Stewart, Neil and Chandler, Jesse and Paolacci, Gabriele},
  journal={Trends in cognitive sciences},
  volume={21},
  number={10},
  pages={736--748},
  year={2017},
  publisher={Elsevier}
}

@inproceedings{law2016curiosity,
  title={Curiosity killed the cat, but makes crowdwork better},
  author={Law, Edith and Yin, Ming and Goh, Joslin and Chen, Kevin and Terry, Michael A and Gajos, Krzysztof Z},
  booktitle={Proceedings of the 2016 CHI Conference on Human Factors in Computing Systems},
  pages={4098--4110},
  year={2016}
}

@article{peterson2008measuring,
  title={Measuring the immeasurable: Visitor engagement},
  author={Peterson, Eric T and Carrabis, Joseph},
  journal={Web Analytics Demystified},
  volume={14},
  pages={16},
  year={2008}
}

@article{tomovic2006n,
  title={n-Gram-based classification and unsupervised hierarchical clustering of genome sequences},
  author={Tomovi{\'c}, Andrija and Jani{\v{c}}i{\'c}, Predrag and Ke{\v{s}}elj, Vlado},
  journal={Computer methods and programs in biomedicine},
  volume={81},
  number={2},
  pages={137--153},
  year={2006},
  publisher={Elsevier}
}

@article{rabiner1989tutorial,
  title={A tutorial on hidden Markov models and selected applications in speech recognition},
  author={Rabiner, Lawrence R},
  journal={Proceedings of the IEEE},
  volume={77},
  number={2},
  pages={257--286},
  year={1989},
  publisher={Ieee}
}

@misc{ferrando2018generating,
  title={Generating synthetic data through Hidden Markov Models},
  author={Ferrando Huertas, Jaime},
  year={2018}
}

@article{collins2016tagging,
  title={Tagging with Hidden Markov Models},
  author={Collins, Michael},
  year={2016}
}

@article{gordillo2007hmm,
  title={An HMM for detecting spam mail},
  author={Gordillo, Jos{\'e} and Conde, Eduardo},
  journal={Expert systems with applications},
  volume={33},
  number={3},
  pages={667--682},
  year={2007},
  publisher={Elsevier}
}

@misc{hmmlearn,
  author = {Hmmlearn developers},
  title = {hmmlearn},
  year = {2020},
  publisher = {GitHub},
  journal = {GitHub repository},
  howpublished = {\url{https://github.com/hmmlearn/hmmlearn}}
}

@article{pohle2017selecting,
  title={Selecting the number of states in hidden Markov models: pragmatic solutions illustrated using animal movement},
  author={Pohle, Jennifer and Langrock, Roland and van Beest, Floris M and Schmidt, Niels Martin},
  journal={Journal of Agricultural, Biological and Environmental Statistics},
  volume={22},
  number={3},
  pages={270--293},
  year={2017},
  publisher={Springer}
}
